
@article{graefe_cascades_1995,
	title = {The {Cascades} {Framework} for {Query} {Optimization}},
	volume = {18},
	url = {http://db.informatik.uni-mannheim.de/downloads/hauptstudium/seminare/papers/Cascades_01.PDF},
	number = {3},
	urldate = {2017-06-14},
	journal = {Data Engineering Bulletin},
	author = {Graefe, Goetz},
	year = {1995},
	pages = {19--29},
	file = {[PDF] uni-mannheim.de:/home/momits/.mozilla/firefox/80xlqs15.momits/zotero/storage/4ESFKD45/Graefe - 1995 - The cascades framework for query optimization.pdf:application/pdf}
}

@inproceedings{graefe_volcano_1993,
	title = {The {Volcano} {Optimizer} {Generator}: {Extensibility} and {Efficient} {Search}},
	isbn = {0-8186-3570-3},
	shorttitle = {The {Volcano} {Optimizer} {Generator}},
	url = {http://ieeexplore.ieee.org/abstract/document/344061/},
	urldate = {2017-06-14},
	booktitle = {Proceedings of the {Ninth} {International} {Conference} on {Data} {Engineering}},
	publisher = {IEEE Computer Society},
	author = {Graefe, Goetz and McKenna, William J.},
	year = {1993},
	pages = {211},
	file = {[PDF] dtic.mil:/home/momits/.mozilla/firefox/80xlqs15.momits/zotero/storage/2EDWMGX7/Graefe und McKenna - 1993 - The Volcano optimizer generator Extensibility and.pdf:application/pdf;Snapshot:/home/momits/.mozilla/firefox/80xlqs15.momits/zotero/storage/K45SPNDG/344061.html:text/html}
}

@inproceedings{erling_ldbc_2015,
	title = {The {LDBC} {Social} {Network} {Benchmark}: {Interactive} {Workload}},
	shorttitle = {The {LDBC} {Social} {Network} {Benchmark}},
	url = {http://dl.acm.org/citation.cfm?id=2742786},
	urldate = {2017-06-14},
	booktitle = {Proceedings of the 2015 {ACM} {SIGMOD} {International} {Conference} on {Management} of {Data}},
	publisher = {ACM},
	author = {Erling, Orri and Averbuch, Alex and Larriba-Pey, Josep and Chafi, Hassan and Gubichev, Andrey and Prat, Arnau and Pham, Minh-Duc and Boncz, Peter},
	year = {2015},
	pages = {619--630},
	file = {[PDF] cwi.nl:/home/momits/.mozilla/firefox/80xlqs15.momits/zotero/storage/ZFH9TW7K/Erling et al. - 2015 - The LDBC social network benchmark Interactive wor.pdf:application/pdf;Snapshot:/home/momits/.mozilla/firefox/80xlqs15.momits/zotero/storage/6378JHNF/citation.html:text/html}
}

@misc{ellithorpe_neo4j_2017,
	title = {Neo4j {LDBC} {SNB} {Interactive} {Workload} {Implementation}},
	url = {https://github.com/PlatformLab/ldbc-snb-impls/tree/master/snb-interactive-neo4j},
	urldate = {2017-06-01},
	author = {Ellithorpe, Jonathan},
	month = jun,
	year = {2017}
}

@inproceedings{holsch_algebra_2016,
	title = {An {Algebra} and {Equivalences} to {Transform} {Graph} {Patterns} in {Neo}4j},
	url = {http://kops.uni-konstanz.de/handle/123456789/33584},
	urldate = {2017-06-14},
	booktitle = {{EDBT}/{ICDT} 2016 {Workshops}: {EDBT} {Workshop} on {Querying} {Graph} {Structured} {Data} ({GraphQ})},
	author = {Hölsch, Jürgen and Grossniklaus, Michael},
	year = {2016},
	pages = {1--2},
	file = {[PDF] uni-konstanz.de:/home/momits/.mozilla/firefox/80xlqs15.momits/zotero/storage/JHCK2ZW9/Hölsch und Grossniklaus - 2016 - An algebra and equivalences to transform graph pat.pdf:application/pdf;Snapshot:/home/momits/.mozilla/firefox/80xlqs15.momits/zotero/storage/68QZ5929/33584.html:text/html}
}

@misc{noauthor_benchmarking_nodate,
	title = {Benchmarking {Graph} {Databases} {\textbar} {Intel} {Science} \& {Technology} {Center} for {Big} {Data}},
	url = {http://istc-bigdata.org/index.php/benchmarking-graph-databases/},
	urldate = {2017-06-14},
	file = {Benchmarking Graph Databases | Intel Science & Technology Center for Big Data:/home/momits/.mozilla/firefox/80xlqs15.momits/zotero/storage/PF3KS3FF/benchmarking-graph-databases.html:text/html}
}

@inproceedings{poosala_selectivity_1997,
	title = {Selectivity {Estimation} {Without} the {Attribute} {Value} {Independence} {Assumption}},
	volume = {97},
	url = {http://ai2-s2-pdfs.s3.amazonaws.com/c34e/87dcc1f31024aad62380e12d28fe5c7389b4.pdf},
	urldate = {2017-06-14},
	booktitle = {{VLDB}},
	author = {Poosala, Viswanath and Ioannidis, Yannis E.},
	year = {1997},
	pages = {486--495},
	file = {[PDF] amazonaws.com:/home/momits/.mozilla/firefox/80xlqs15.momits/zotero/storage/DC6GFPSB/Poosala und Ioannidis - 1997 - Selectivity estimation without the attribute value.pdf:application/pdf}
}

@book{jain_art_1991,
	address = {New York},
	title = {The {Art} of {Computer} {Systems} {Performance} {Analysis}: {Techniques} for {Experimental} {Design}, {Measurement}, {Simulation}, and {Modeling}},
	isbn = {978-0-471-50336-1},
	shorttitle = {The {Art} of {Computer} {Systems} {Performance} {Analysis}},
	publisher = {Wiley},
	author = {Jain, Raj},
	year = {1991},
	keywords = {Electronic digital computers, Evaluation}
}

@inproceedings{holsch_performance_2017,
	title = {On the {Performance} of {Analytical} and {Pattern} {Matching} {Graph} {Queries} in {Neo}4j and a {Relational} {Database}},
	url = {http://ceur-ws.org/Vol-1810/GraphQ_paper_01.pdf},
	urldate = {2017-06-25},
	booktitle = {{EDBT}/{ICDT} 2017 {Workshops}: {EDBT} {Workshop} on {Querying} {Graph} {Structured} {Data} ({GraphQ})},
	author = {Hölsch, Jürgen and Schmidt, Tobias and Grossniklaus, Michael},
	year = {2017},
	file = {[PDF] ceur-ws.org:/home/momits/.mozilla/firefox/80xlqs15.momits/zotero/storage/8XI9MQRI/Hölsch et al. - 2017 - On the Performance of Analytical and Pattern Match.pdf:application/pdf}
}

@inproceedings{gubichev_graph_2014,
	address = {New York, NY, USA},
	series = {{GRADES}'14},
	title = {Graph {Pattern} {Matching}: {Do} {We} {Have} to {Reinvent} the {Wheel}?},
	isbn = {978-1-4503-2982-8},
	shorttitle = {Graph {Pattern} {Matching}},
	url = {http://doi.acm.org/10.1145/2621934.2621944},
	doi = {10.1145/2621934.2621944},
	abstract = {This paper presents an empirical study of how a wide spectrum of systems handle the graph pattern matching problem. Our approach is to take the well-known LUBM benchmark, model it across various domains (relational, RDF, property graph), and execute the benchmark queries on the corresponding systems. We evaluate the systems using a large data instance on a single machine (the largest dataset is LUBM-8000, which contains over 1 billion RDF triples). Additionally, we provide a brief analysis of how different cases of graph pattern matching problem are stressed by the benchmark queries. Our main finding is that, contrary to popular belief and various vendors' claims, modern native graph stores do not necessarily offer a competitive advantage over traditional relational and RDF stores, even for the graph-specific problem of pattern matching. To the best of our knowledge, this is the first independent empirical comparison of different approaches towards pattern matching performed on a large scale graph.},
	urldate = {2017-06-25},
	booktitle = {Proceedings of {Workshop} on {GRAph} {Data} {Management} {Experiences} and {Systems}},
	publisher = {ACM},
	author = {Gubichev, Andrey and Then, Manuel},
	year = {2014},
	keywords = {Benchmarking, Graph-Structured Data, RDF},
	pages = {8:1--8:7}
}

@article{diedenhofen_cocor:_2015,
	title = {cocor: {A} {Comprehensive} {Solution} for the {Statistical} {Comparison} of {Correlations}},
	volume = {10},
	shorttitle = {cocor},
	url = {http://journals.plos.org/plosone/article?id=10.1371/journal.pone.0121945},
	number = {4},
	urldate = {2017-06-25},
	journal = {PloS one},
	author = {Diedenhofen, Birk and Musch, Jochen},
	year = {2015},
	pages = {e0121945},
	file = {[HTML] plos.org:/home/momits/.mozilla/firefox/80xlqs15.momits/zotero/storage/9775FFBP/article.pdf:application/pdf}
}