%%%%%%%%%%%%%%%%%% TED %%%%%%%%%%%%%%%%%%%%%%%%%%%%%
@article{pawlik2011rted,
  title={RTED: a robust algorithm for the tree edit distance},
  author={Pawlik, Mateusz and Augsten, Nikolaus},
  journal={Proceedings of the VLDB Endowment},
  volume={5},
  number={4},
  pages={334--345},
  year={2011},
  publisher={VLDB Endowment}
}

@article{pawlik2016tree,
  title={Tree edit distance: Robust and memory-efficient},
  author={Pawlik, Mateusz and Augsten, Nikolaus},
  journal={Information Systems},
  volume={56},
  pages={157--173},
  year={2016},
  publisher={Elsevier}
}



%%%%%%%%%%%%%%%%% SKlearn \& Scipy %%%%%%%%%%%%%%%%%%%
@article{scikit-learn,
 title={Scikit-learn: Machine Learning in {P}ython},
 author={Pedregosa, F. and Varoquaux, G. and Gramfort, A. and Michel, V.
         and Thirion, B. and Grisel, O. and Blondel, M. and Prettenhofer, P.
         and Weiss, R. and Dubourg, V. and Vanderplas, J. and Passos, A. and
         Cournapeau, D. and Brucher, M. and Perrot, M. and Duchesnay, E.},
 journal={Journal of Machine Learning Research},
 volume={12},
 pages={2825--2830},
 year={2011}
}

@Misc{scipy,
  author =    {Eric Jones and Travis Oliphant and Pearu Peterson and others},
  title =     {{SciPy}: Open source scientific tools for {Python}},
  year =      {2001},
  url = "http://www.scipy.org/",
  note = {[Online; accessed <today>]}
}


%%%%%%%%%%%% HDBSCAN %%%%%%%%%%%%%%%%%%%%%%%%%
@inproceedings{campello2013density,
  title={Density-based clustering based on hierarchical density estimates},
  author={Campello, Ricardo JGB and Moulavi, Davoud and Sander, J{\"o}rg},
  booktitle={Pacific-Asia conference on knowledge discovery and data mining},
  pages={160--172},
  year={2013},
  organization={Springer}
}

@article{mcinnes2017hdbscan,
  title={hdbscan: Hierarchical density based clustering.},
  author={McInnes, Leland and Healy, John and Astels, Steve},
  journal={J. Open Source Software},
  volume={2},
  number={11},
  pages={205},
  year={2017}
}



%%%%%%%%%%% PyClustering %%%%%%%%%%%%%%%%%%%%%%%
@article{Novikov2019,
    doi         = {10.21105/joss.01230},
    url         = {https://doi.org/10.21105/joss.01230},
    year        = 2019,
    publisher   = {The Open Journal},
    volume      = {4},
    number      = {36},
    pages       = {1230},
    author      = {Andrei Novikov},
    title       = {PyClustering: Data Mining Library},
    journal     = {Journal of Open Source Software}
}

%%%%%%%%%%%%%%%%% TRESTLE %%%%%%%%%%%%%%%%%%%
@article{trestle:2016a,
author={MacLellan, C.J. and Harpstead, E. and Aleven, V. and Koedinger, K.R.},
title={TRESTLE: A Model of Concept Formation in Structured Domains},
journal={Advances in Cognitive Systems},
volume={4},
year={2016}
}

@article{mckusick1990cobweb,
  title={Cobweb/3: A portable implementation},
  author={McKusick, Kathleen and Thompson, Kevin},
  year={1990}
}

@article{gennari1989models,
  title={Models of incremental concept formation},
  author={Gennari, John H and Langley, Pat and Fisher, Doug},
  journal={Artificial intelligence},
  volume={40},
  number={1-3},
  pages={11--61},
  year={1989},
  publisher={Elsevier}
}

@article{fisher1996iterative,
  title={Iterative optimization and simplification of hierarchical clusterings},
  author={Fisher, Doug},
  journal={Journal of artificial intelligence research},
  volume={4},
  pages={147--178},
  year={1996}
}

% DBSCAN
@INPROCEEDINGS{dbscan,
    author = {Martin Ester and Hans-Peter Kriegel and Jörg Sander and Xiaowei Xu},
    title = {A density-based algorithm for discovering clusters in large spatial databases with noise},
    booktitle = {},
    year = {1996},
    pages = {226--231},
    publisher = {AAAI Press}
}

@inproceedings{macqueen1967some,
  title={Some methods for classification and analysis of multivariate observations},
  author={MacQueen, James and others},
  booktitle={Proceedings of the fifth Berkeley symposium on mathematical statistics and probability},
  volume={1},
  number={14},
  pages={281--297},
  year={1967},
  organization={Oakland, CA, USA}
}

% ReFeX
@inproceedings{henderson2011s,
  title={It's who you know: graph mining using recursive structural features},
  author={Henderson, Keith and Gallagher, Brian and Li, Lei and Akoglu, Leman and Eliassi-Rad, Tina and Tong, Hanghang and Faloutsos, Christos},
  booktitle={Proceedings of the 17th ACM SIGKDD international conference on Knowledge discovery and data mining},
  pages={663--671},
  year={2011},
  organization={ACM}
}

% RolX
@inproceedings{henderson2012rolx,
  title={Rolx: structural role extraction \& mining in large graphs},
  author={Henderson, Keith and Gallagher, Brian and Eliassi-Rad, Tina and Tong, Hanghang and Basu, Sugato and Akoglu, Leman and Koutra, Danai and Faloutsos, Christos and Li, Lei},
  booktitle={Proceedings of the 18th ACM SIGKDD international conference on Knowledge discovery and data mining},
  pages={1231--1239},
  year={2012},
  organization={ACM}
}

% Characteristic sets
@inproceedings{neumann2011characteristic,
  title={Characteristic sets: Accurate cardinality estimation for RDF queries with multiple joins},
  author={Neumann, Thomas and Moerkotte, Guido},
  booktitle={2011 IEEE 27th International Conference on Data Engineering},
  pages={984--994},
  year={2011},
  organization={IEEE}
}

%%%% Robust single linkage 
@inproceedings{Chaudhuri2010RatesOC,
  title={Rates of convergence for the cluster tree},
  author={Kamalika Chaudhuri and Sanjoy Dasgupta},
  booktitle={NIPS},
  year={2010}
}

@inproceedings{Ward1963HierarchicalGT,
  title={Hierarchical Grouping to Optimize an Objective Function},
  author={Jr. Joe H. Ward},
  year={1963}
}

% Conceptual clustering definition
@article{michalski1980knowledge,
  title={Knowledge acquisition through conceptual clustering: A theoretical framework and algorithm for partitioning data into conjunctive concepts},
  author={Michalski, Ryszard},
  journal={International Journal of Policy Analysis and Information Systems},
  volume={4},
  pages={219--243},
  year={1980}
}

% OPTICS
@INPROCEEDINGS{optics,
    author = {Mihael Ankerst and Markus M. Breunig and Hans-peter Kriegel and Jörg Sander},
    title = {OPTICS: Ordering Points To Identify the Clustering Structure},
    booktitle = {},
    year = {1999},
    pages = {49--60},
    publisher = {ACM Press}
}
% TTSAS
@incollection{THEODORIDIS2009627,
title = "Chapter 12 - Clustering Algorithms I: Sequential Algorithms",
editor = "Sergios Theodoridis and Konstantinos Koutroumbas",
booktitle = "Pattern Recognition (Fourth Edition)",
publisher = "Academic Press",
edition = "Fourth Edition",
address = "Boston",
pages = "627 - 652",
year = "2009",
isbn = "978-1-59749-272-0",
doi = "https://doi.org/10.1016/B978-1-59749-272-0.50014-1",
url = "http://www.sciencedirect.com/science/article/pii/B9781597492720500141",
author = "Sergios Theodoridis and Konstantinos Koutroumbas"
}

@inproceedings{gluck1985information,
  title={Information, uncertainty and the utility of categories},
  author={Gluck, M},
  booktitle={Proc. of the Seventh Annual Conf. on Cognitive Science Society, 1985},
  year={1985}
}
@article{corter1992explaining,
  title={Explaining basic categories: Feature predictability and information.},
  author={Corter, James E and Gluck, Mark A},
  journal={Psychological Bulletin},
  volume={111},
  number={2},
  pages={291},
  year={1992},
  publisher={American Psychological Association}
}

@book{simon2019sciences,
  title={The sciences of the artificial},
  author={Simon, Herbert A},
  year={1968}
}