% Neo4J / Graph Databases
@book{neo4j_book,
  title={Graph databases},
  author={Robinson, Ian and Webber, Jim and Eifrem, Emil},
  year={2013},
  publisher={" O'Reilly Media, Inc."}
}

% Clustering
@article{overview_clust,
  title={Data clustering: a review},
  author={Jain, Anil K and Murty, M Narasimha and Flynn, Patrick J},
  journal={ACM computing surveys (CSUR)},
  volume={31},
  number={3},
  pages={264--323},
  year={1999},
  publisher={Acm}
}
@article{chameleon_clust,
  title={Chameleon: Hierarchical clustering using dynamic modeling},
  author={Karypis, George and Han, Eui-Hong and Kumar, Vipin},
  journal={Computer},
  volume={32},
  number={8},
  pages={68--75},
  year={1999},
  publisher={IEEE}
}

@inproceedings{bayesian_clust,
  title={Bayesian hierarchical clustering},
  author={Heller, Katherine A and Ghahramani, Zoubin},
  booktitle={Proceedings of the 22nd international conference on Machine learning},
  pages={297--304},
  year={2005},
  organization={ACM}
}

@article{uncertain_clust,
  title={An information-theoretic approach to hierarchical clustering of uncertain data},
  author={Gullo, Francesco and Ponti, Giovanni and Tagarelli, Andrea and Greco, Sergio},
  journal={Information Sciences},
  volume={402},
  pages={199--215},
  year={2017},
  publisher={Elsevier}
}

% Functional Dependencies
@article{overview_fd,
  title={Functional dependency discovery: An experimental evaluation of seven algorithms},
  author={Papenbrock, Thorsten and Ehrlich, Jens and Marten, Jannik and Neubert, Tommy and Rudolph, Jan-Peer and Sch{\"o}nberg, Martin and Zwiener, Jakob and Naumann, Felix},
  journal={Proceedings of the VLDB Endowment},
  volume={8},
  number={10},
  pages={1082--1093},
  year={2015},
  publisher={VLDB Endowment}
}


@article{tane_fd,
  title={TANE: An efficient algorithm for discovering functional and approximate dependencies},
  author={Huhtala, Yka and K{\"a}rkk{\"a}inen, Juha and Porkka, Pasi and Toivonen, Hannu},
  journal={The computer journal},
  volume={42},
  number={2},
  pages={100--111},
  year={1999},
  publisher={OUP}
}

@inproceedings{conditional_fd,
  title={Conditional functional dependencies for data cleaning},
  author={Bohannon, Philip and Fan, Wenfei and Geerts, Floris and Jia, Xibei and Kementsietsidis, Anastasios},
  booktitle={Data Engineering, 2007. ICDE 2007. IEEE 23rd International Conference on},
  pages={746--755},
  year={2007},
  organization={IEEE}
}


@article{discov_conditional_fd,
  title={Discovering conditional functional dependencies},
  author={Fan, Wenfei and Geerts, Floris and Li, Jianzhong and Xiong, Ming},
  journal={IEEE Transactions on Knowledge and Data Engineering},
  volume={23},
  number={5},
  pages={683--698},
  year={2011},
  publisher={IEEE}
}


@inproceedings{auto_fd,
  title={Automatic Discovery of Functional Dependencies and Conditional Functional Dependencies : A Comparative Study},
  author={Nabiha Asghar and Amira Ghenai},
  year={2015}
}


% Type Theory
@article{hott_types,
  title={Homotopy type theory: Univalent foundations of mathematics},
  author={Voevodsky, Vladimir and others},
  journal={Institute for Advanced Study (Princeton), The Univalent Foundations Program},
  pages={2007--2009},
  year={2013}
}

@incollection{intutionistic_types,
  title={An intuitionistic theory of types: Predicative part},
  author={Martin-L{\"o}f, Per},
  booktitle={Studies in Logic and the Foundations of Mathematics},
  volume={80},
  pages={73--118},
  year={1975},
  publisher={Elsevier}
}

@book{typetheoryfunctionalprog_types,
  title={Type theory and functional programming},
  author={Thompson, Simon},
  year={1991},
  publisher={Addison Wesley}
}

@article{DBLP:prob_dep_types,
  author    = {Jonathan H. Warrell},
  title     = {A Probabilistic Dependent Type System based on Non-Deterministic Beta
               Reduction},
  journal   = {CoRR},
  volume    = {abs/1602.06420},
  year      = {2016},
  url       = {http://arxiv.org/abs/1602.06420},
  archivePrefix = {arXiv},
  eprint    = {1602.06420},
  timestamp = {Mon, 13 Aug 2018 16:48:45 +0200},
  biburl    = {https://dblp.org/rec/bib/journals/corr/Warrell16},
  bibsource = {dblp computer science bibliography, https://dblp.org}
}

@book{dep_types,
  title={Towards a practical programming language based on dependent type theory},
  author={Norell, Ulf},
  volume={32},
  year={2007},
  publisher={Citeseer}
}


