%%%%%%%%%%%%%%%%%% TED %%%%%%%%%%%%%%%%%%%%%%%%%%%%%
@article{pawlik2011rted,
  title={RTED: a robust algorithm for the tree edit distance},
  author={Pawlik, Mateusz and Augsten, Nikolaus},
  journal={Proceedings of the VLDB Endowment},
  volume={5},
  number={4},
  pages={334--345},
  year={2011},
  publisher={VLDB Endowment}
}

@article{pawlik2016tree,
  title={Tree edit distance: Robust and memory-efficient},
  author={Pawlik, Mateusz and Augsten, Nikolaus},
  journal={Information Systems},
  volume={56},
  pages={157--173},
  year={2016},
  publisher={Elsevier}
}



%%%%%%%%%%%%%%%%% SKlearn \& Scipy %%%%%%%%%%%%%%%%%%%
@article{scikit-learn,
 title={Scikit-learn: Machine Learning in {P}ython},
 author={Pedregosa, F. and Varoquaux, G. and Gramfort, A. and Michel, V.
         and Thirion, B. and Grisel, O. and Blondel, M. and Prettenhofer, P.
         and Weiss, R. and Dubourg, V. and Vanderplas, J. and Passos, A. and
         Cournapeau, D. and Brucher, M. and Perrot, M. and Duchesnay, E.},
 journal={Journal of Machine Learning Research},
 volume={12},
 pages={2825--2830},
 year={2011}
}

@Misc{scipy,
  author =    {Eric Jones and Travis Oliphant and Pearu Peterson and others},
  title =     {{SciPy}: Open source scientific tools for {Python}},
  year =      {2001},
  url = "http://www.scipy.org/",
  note = {[Online; accessed <today>]}
}


%%%%%%%%%%%% HDBSCAN %%%%%%%%%%%%%%%%%%%%%%%%%
@inproceedings{campello2013density,
  title={Density-based clustering based on hierarchical density estimates},
  author={Campello, Ricardo JGB and Moulavi, Davoud and Sander, J{\"o}rg},
  booktitle={Pacific-Asia conference on knowledge discovery and data mining},
  pages={160--172},
  year={2013},
  organization={Springer}
}

@article{mcinnes2017hdbscan,
  title={hdbscan: Hierarchical density based clustering.},
  author={McInnes, Leland and Healy, John and Astels, Steve},
  journal={J. Open Source Software},
  volume={2},
  number={11},
  pages={205},
  year={2017}
}



%%%%%%%%%%% PyClustering %%%%%%%%%%%%%%%%%%%%%%%
@article{Novikov2019,
    doi         = {10.21105/joss.01230},
    url         = {https://doi.org/10.21105/joss.01230},
    year        = 2019,
    publisher   = {The Open Journal},
    volume      = {4},
    number      = {36},
    pages       = {1230},
    author      = {Andrei Novikov},
    title       = {PyClustering: Data Mining Library},
    journal     = {Journal of Open Source Software}
}

%%%%%%%%%%%%%%%%% TRESTLE %%%%%%%%%%%%%%%%%%%
@article{trestle:2016a,
author={MacLellan, C.J. and Harpstead, E. and Aleven, V. and Koedinger, K.R.},
title={TRESTLE: A Model of Concept Formation in Structured Domains},
journal={Advances in Cognitive Systems},
volume={4},
year={2016}
}

@article{mckusick1990cobweb,
  title={Cobweb/3: A portable implementation},
  author={McKusick, Kathleen and Thompson, Kevin},
  year={1990}
}

@article{gennari1989models,
  title={Models of incremental concept formation},
  author={Gennari, John H and Langley, Pat and Fisher, Doug},
  journal={Artificial intelligence},
  volume={40},
  number={1-3},
  pages={11--61},
  year={1989},
  publisher={Elsevier}
}
